
@misc{Franke,
	author = {Franke, Richard},
	year ={1979},
	title = {A {Critical} {Comparison} of {Some} {Methods} for {Interpolation} of {Scattered} {Data}},
	url = {https://calhoun.nps.edu/handle/10945/35052},
	urldate = {2019-10-08},
}