@article{Lyon2016,
	title={Fifty years of pulsar candidate selection: from simple filters to a new principled real-time classification approach},
	volume={459},
	ISSN={1365-2966},
	url={http://dx.doi.org/10.1093/mnras/stw656},
	DOI={10.1093/mnras/stw656},
	number={1},
	journal={Monthly Notices of the Royal Astronomical Society},
	publisher={Oxford University Press (OUP)},
	author={Lyon, R. J. and Stappers, B. W. and Cooper, S. and Brooke, J. M. and Knowles, J. D.},
	year={2016},
	month={Apr},
	pages={1104–1123}
}
@article{HTRU2,
	title={{HTRU2}},
	DOI={10.6084/m9.figshare.3080389.v1.},
	author={Lyon, R. J.},
	year={2016}
}

@article{Eatough2010,
	title={Selection of radio pulsar candidates using artificial neural networks},
	volume={407},
	ISSN={0035-8711},
	url={http://dx.doi.org/10.1111/j.1365-2966.2010.17082.x},
	DOI={10.1111/j.1365-2966.2010.17082.x},
	number={4},
	journal={Monthly Notices of the Royal Astronomical Society},
	publisher={Oxford University Press (OUP)},
	author={Eatough, R. P. and Molkenthin, N. and Kramer, M. and Noutsos, A. and Keith, M. J. and Stappers, B. W. and Lyne, A. G.},
	year={2010},
	month={Jul},
	pages={2443–2450}
}

@article{Bates2012,
	title={The High Time Resolution Universe Pulsar Survey — VI. An artificial neural network and timing of 75 pulsars},
	volume={427},
	ISSN={1365-2966},
	url={http://dx.doi.org/10.1111/j.1365-2966.2012.22042.x},
	DOI={10.1111/j.1365-2966.2012.22042.x},
	number={2},
	journal={Monthly Notices of the Royal Astronomical Society},
	publisher={Oxford University Press (OUP)},
	author={Bates, S D and Bailes, M and Barsdell, B R and Bhat, N D R and Burgay, M and Burke-Spolaor, S and Champion, D J and Coster, P and D’Amico, N and Jameson, A and et al.},
	year={2012},
	month={Dec},
	pages={1052–1065}
}

@article{Keith2010,
	title={The High Time Resolution Universe Pulsar Survey - I. System configuration and initial discoveries},
	volume={409},
	ISSN={0035-8711},
	url={http://dx.doi.org/10.1111/j.1365-2966.2010.17325.x},
	DOI={10.1111/j.1365-2966.2010.17325.x},
	number={2},
	journal={Monthly Notices of the Royal Astronomical Society},
	publisher={Oxford University Press (OUP)},
	author={Keith, M. J. and Jameson, A. and Van Straten, W. and Bailes, M. and Johnston, S. and Kramer, M. and Possenti, A. and Bates, S. D. and Bhat, N. D. R. and Burgay, M. and et al.},
	year={2010},
	month={Sep},
	pages={619–627}
}

@article{Morello2014,
	title={SPINN: a straightforward machine learning solution to the pulsar candidate selection problem},
	volume={443},
	ISSN={1365-2966},
	url={http://dx.doi.org/10.1093/mnras/stu1188},
	DOI={10.1093/mnras/stu1188},
	number={2},
	journal={Monthly Notices of the Royal Astronomical Society},
	publisher={Oxford University Press (OUP)},
	author={Morello, V. and Barr, E. D. and Bailes, M. and Flynn, C. M. and Keane, E. F. and van Straten, W.},
	year={2014},
	month={Jul},
	pages={1651–1662}
}

@article{Wang2019,
	title={A hybrid ensemble method for pulsar candidate classification},
	volume={364},
	ISSN={1572-946X},
	url={http://dx.doi.org/10.1007/s10509-019-3602-4},
	DOI={10.1007/s10509-019-3602-4},
	number={8},
	journal={Astrophysics and Space Science},
	publisher={Springer Science and Business Media LLC},
	author={Wang, Y. and Pan, Z. and Zheng, J. and Qian, L. and Li, M.},
	year={2019},
	month={Aug}
}

@article{Smits2008,
	title={Pulsar searches and timing with the square kilometre array},
	volume={493},
	ISSN={1432-0746},
	url={http://dx.doi.org/10.1051/0004-6361:200810383},
	DOI={10.1051/0004-6361:200810383},
	number={3},
	journal={Astronomy and Astrophysics},
	publisher={EDP Sciences},
	author={Smits, R. and Kramer, M. and Stappers, B. and Lorimer, D. R. and Cordes, J. and Faulkner, A.},
	year={2008},
	month={Nov},
	pages={1161–1170}
}

@article{Faucher2006,
	title={Birth and Evolution of Isolated Radio Pulsars},
	volume={643},
	ISSN={1538-4357},
	url={http://dx.doi.org/10.1086/501516},
	DOI={10.1086/501516},
	number={1},
	journal={The Astrophysical Journal},
	publisher={IOP Publishing},
	author={Faucher‐Giguere, Claude‐Andre and Kaspi, Victoria M.},
	year={2006},
	month={May},
	pages={332–355}
}

@article{Keane2008,
	title={On the birthrates of Galactic neutron stars},
	volume={391},
	ISSN={1365-2966},
	url={http://dx.doi.org/10.1111/j.1365-2966.2008.14045.x},
	DOI={10.1111/j.1365-2966.2008.14045.x},
	number={4},
	journal={Monthly Notices of the Royal Astronomical Society},
	publisher={Oxford University Press (OUP)},
	author={Keane, E. F. and Kramer, M.},
	year={2008},
	month={Dec},
	pages={2009–2016}
}

@article{Ferri2001,
	title={The interstellar environment of our galaxy},
	volume={73},
	ISSN={1539-0756},
	url={http://dx.doi.org/10.1103/RevModPhys.73.1031},
	DOI={10.1103/revmodphys.73.1031},
	number={4},
	journal={Reviews of Modern Physics},
	publisher={American Physical Society (APS)},
	author={Ferrière, Katia M.},
	year={2001},
	month={Dec},
	pages={1031–1066}
}

@article{Anglil2010,
	title={TOWARD RELATIVISTIC ORBIT FITTING OF GALACTIC CENTER STARS AND PULSARS},
	volume={720},
	ISSN={1538-4357},
	url={http://dx.doi.org/10.1088/0004-637X/720/2/1303},
	DOI={10.1088/0004-637x/720/2/1303},
	number={2},
	journal={The Astrophysical Journal},
	publisher={IOP Publishing},
	author={Angélil, Raymond and Saha, Prasenjit and Merritt, David},
	year={2010},
	month={Aug},
	pages={1303–1310}
}

@misc{taylor2019,
	title={Supermassive Black-hole Demographics and Environments With Pulsar Timing Arrays},
	author={Stephen R. Taylor and Sarah Burke-Spolaor and Paul T. Baker and Maria Charisi and Kristina Islo and Luke Z. Kelley and Dustin R. Madison and Joseph Simon and Sarah Vigeland},
	year={2019},
	eprint={1903.08183},
	archivePrefix={arXiv},
	primaryClass={astro-ph.GA}
}


@article{Dozat2016,
	title = {Incorporating {Nesterov} {Momentum} into {Adam}},
	url = {https://openreview.net/forum?id=OM0jvwB8jIp57ZJjtNEZ},
	abstract = {This work aims to improve upon the recently proposed and rapidly popular-
	ized optimization algorithm Adam (Kingma \& Ba, 2014). Adam has two main
	components—a momentum component and an adaptive...},
	urldate = {2019-12-18},
	author = {Dozat, Timothy},
	month = feb,
	year = {2016},
	
}